<?xml version="1.0" encoding="utf-8"?>
<record xmlns="http://www.loc.gov/MARC21/slim" xmlns:xsi="http://www.w3.org/2001/XMLSchema-instance" xsi:schemaLocation="http://www.loc.gov/MARC21/slim http://www.loc.gov/standards/marcxml/schema/MARC21slim.xsd">
	<leader>     nam a22        4500</leader>
	<controlfield tag="001">379541</controlfield>
	<controlfield tag="003">NjP</controlfield>
	<controlfield tag="006">m        d        </controlfield>
	<controlfield tag="007">cr cn |||m|||a</controlfield>
	<controlfield tag="008">161118r19831952ir a    ob    001 0 arar </controlfield>
	<datafield ind1=" " ind2=" " tag="040">
		<subfield code="a">NNU</subfield>
		<subfield code="b">eng</subfield>
		<subfield code="e">rda</subfield>
		<subfield code="c">NNU</subfield>
	</datafield>
	<datafield ind1="0" ind2="0" tag="050">
		<subfield code="a">B751</subfield>
		<subfield code="b">.S5 1983</subfield>
	</datafield>
	<datafield ind1="0" ind2=" " tag="100">
		<subfield code="6">880-01</subfield>
		<subfield code="a">Avicenna,</subfield>
		<subfield code="d">980-1037.</subfield>
	</datafield>
	<datafield ind1="1" ind2="3" tag="245">
		<subfield code="6">880-02</subfield>
		<subfield code="a">al-Shifāʼ /</subfield>
		<subfield code="c">Ibn Sīnā ; taṣdīr Ṭāhā Ḥusayn ; murājaʻat Ibrāhīm Madkūr ; taḥqīq, al-Ab Qanawātī, Maḥmūd al-Khaḍīrī, Fuʼād al-ʼIhwānī.</subfield>
	</datafield>
	<datafield ind1=" " ind2=" " tag="260">
		<subfield code="a">Qum, Īrān :</subfield>
		<subfield code="b">Maktabat Āyat Allāh al-ʻUẓmá al-Marʻashī al-Najafī,</subfield>
		<subfield code="c">1404-&lt;1405&gt; [1983 or 1984]-&lt;[1984 or 1985]&gt;</subfield>
	</datafield>
	<datafield ind1=" " ind2=" " tag="300">
		<subfield code="a">online resource (&lt;volumes 1, volumes 2, pts. 2-7, volumes 3, pts. 1-3, volumes 4; in 7&gt;) :</subfield>
		<subfield code="b">illustrations</subfield>
	</datafield>
	<datafield ind1=" " ind2=" " tag="336">
		<subfield code="a">text</subfield>
		<subfield code="2">rdacontent</subfield>
	</datafield>
	<datafield ind1=" " ind2=" " tag="337">
		<subfield code="a">computer</subfield>
		<subfield code="2">rdamedia</subfield>
	</datafield>
	<datafield ind1=" " ind2=" " tag="338">
		<subfield code="a">online resource</subfield>
		<subfield code="2">rdacarrier</subfield>
	</datafield>
	<datafield ind1=" " ind2=" " tag="500">
		<subfield code="a">Verifiers vary for each vol.</subfield>
	</datafield>
	<datafield ind1=" " ind2=" " tag="500">
		<subfield code="a">Reprint. Originally published: al-Qāhirah : al-Maṭbaʻah al-Amīrīyah, 1952-&lt;1983&gt;</subfield>
	</datafield>
	<datafield ind1=" " ind2=" " tag="500">
		<subfield code="a">Part of the Arabic Collections Online (ACO) project, contributed by Princeton University Libraries.</subfield>
	</datafield>
	<datafield ind1=" " ind2=" " tag="504">
		<subfield code="a">Includes bibliographical references, indexes.</subfield>
	</datafield>
	<datafield ind1="1" ind2=" " tag="505">
		<subfield code="a">[1] al-Manṭiq. 1. al-Madkhal. 2. al-Maqūlāt. 3. al-ʻIbārah. 4. al-Qiyās. 5. al-Burhān. 6. al-Jadal. 7. al-Safsaṭah. 8. al-Khaṭābah. 9. al-Shiʻr (4 v. ) -- [2] al-Ṭabīʻīyat. 2. al-Samāʼ wa-al-ʻālam. 3. al-Kawn wa-al-fasād. 4. al-Afʻāl wa-al-infiʻālāt. 5. al-Maʻādin wa-al-āthār al-ʻulwīyah. 6. al-Nafs. 7. al-Nabāt -- [3] al-Riyāḍīyāt. [1] Uṣūl al-handasah. 2. al-Ḥisāb. 3. Jawāmiʻ ʻilm al-mūsīqá. [4] al-Ilāhīyāt.</subfield>
	</datafield>
	<datafield ind1=" " ind2=" " tag="533">
		<subfield code="a">Electronic reproduction.</subfield>
		<subfield code="b">New York, N.Y. :</subfield>
		<subfield code="c">New York University,</subfield>
		<subfield code="d">2016.</subfield>
		<subfield code="5">NNU</subfield>
	</datafield>
	<datafield ind1=" " ind2="0" tag="650">
		<subfield code="a">Islamic philosophy</subfield>
		<subfield code="v">Early works to 1800.</subfield>
	</datafield>
	<datafield ind1=" " ind2="7" tag="650">
		<subfield code="a">Islamic philosophy.</subfield>
		<subfield code="2">fast</subfield>
		<subfield code="0">(OCoLC)fst01730358</subfield>
	</datafield>
	<datafield ind1=" " ind2="7" tag="655">
		<subfield code="a">Early works.</subfield>
		<subfield code="2">fast</subfield>
		<subfield code="0">(OCoLC)fst01411636</subfield>
	</datafield>
	<datafield ind1="1" ind2=" " tag="700">
		<subfield code="6">880-03</subfield>
		<subfield code="a">Madkūr, Ibrāhīm.</subfield>
	</datafield>
	<datafield ind1="1" ind2=" " tag="700">
		<subfield code="6">880-04</subfield>
		<subfield code="a">Anawati, Georges C.,</subfield>
		<subfield code="d">1905-1994.</subfield>
	</datafield>
	<datafield ind1="1" ind2=" " tag="700">
		<subfield code="6">880-05</subfield>
		<subfield code="a">Khuḍayrī, Maḥmūd Muḥammad.</subfield>
	</datafield>
	<datafield ind1="1" ind2=" " tag="700">
		<subfield code="6">880-06</subfield>
		<subfield code="a">Ahwānī, Aḥmad Fuʼād,</subfield>
		<subfield code="d">-1970.</subfield>
	</datafield>
	<datafield ind1="2" ind2=" " tag="710">
		<subfield code="a">Princeton University.</subfield>
		<subfield code="b">Library.</subfield>
	</datafield>
	<datafield ind1="0" ind2=" " tag="730">
		<subfield code="a">Arabic Collections Online.</subfield>
	</datafield>
	<datafield ind1="0" ind2="8" tag="776">
		<subfield code="i">Online version:</subfield>
		<subfield code="a">Avicenna, 980-1037.</subfield>
		<subfield code="t">Shifāʼ.</subfield>
		<subfield code="d">Qum, Īrān : Maktabat Āyat Allāh al-ʻUẓmá al-Marʻashī al-Najafī, 1404-&lt;1405&gt; [1983 or 1984]-&lt;[1984 or 1985]&gt;</subfield>
		<subfield code="w">(OCoLC)604957643</subfield>
	</datafield>
	<datafield ind1="0" ind2="8" tag="776">
		<subfield code="i">Online version:</subfield>
		<subfield code="a">Avicenna, 980-1037.</subfield>
		<subfield code="t">Shifāʼ.</subfield>
		<subfield code="d">Qum, Īrān : Maktabat Āyat Allāh al-ʻUẓmá al-Marʻashī al-Najafī, 1404-&lt;1405&gt; [1983 or 1984]-&lt;[1984 or 1985]&gt;</subfield>
		<subfield code="w">(OCoLC)608441836</subfield>
	</datafield>
	<datafield ind1="0" ind2="8" tag="776">
		<subfield code="i">Print version:</subfield>
		<subfield code="a">Avicenna, 980-1037.</subfield>
		<subfield code="t">al-Shifāʼ</subfield>
		<subfield code="w">(NjP)379541</subfield>
		<subfield code="w">(DLC)   86930441 </subfield>
		<subfield code="w">(OCoLC)15133425</subfield>
	</datafield>
	<datafield ind1="4" ind2="0" tag="856">
		<subfield code="u">http://hdl.handle.net/2333.1/2z34trz9</subfield>
	</datafield>
	<datafield ind1="0" ind2=" " tag="880">
		<subfield code="6">100-01/r</subfield>
		<subfield code="a">ابن سينا.</subfield>
	</datafield>
	<datafield ind1="1" ind2="3" tag="880">
		<subfield code="6">245-02/r</subfield>
		<subfield code="a">الشفاء /</subfield>
		<subfield code="c">ابن سينا ؛تصدير طه حسين ؛ مراجعة ابراهيم مدكور ؛ تحقيق الاب القنواتي، محمود الخضيري، فئاد الإهواني.</subfield>
	</datafield>
	<datafield ind1=" " ind2=" " tag="880">
		<subfield code="6">260-00/r</subfield>
		<subfield code="a">قم، ايران :</subfield>
		<subfield code="b">مكتبة آية الله العظمى المرعشي النجفي،</subfield>
		<subfield code="c">1404- [1983 or 1984]-</subfield>
	</datafield>
	<datafield ind1="1" ind2=" " tag="880">
		<subfield code="6">700-03/r</subfield>
		<subfield code="a">مدكور، ابراهيم.</subfield>
	</datafield>
	<datafield ind1="1" ind2=" " tag="880">
		<subfield code="6">700-04/r</subfield>
		<subfield code="a">قنواتي، جورج شحاتة.</subfield>
	</datafield>
	<datafield ind1="1" ind2=" " tag="880">
		<subfield code="6">700-05/r</subfield>
		<subfield code="a">خضيري، محمود محمد.</subfield>
	</datafield>
	<datafield ind1="1" ind2=" " tag="880">
		<subfield code="6">700-06/r</subfield>
		<subfield code="a">اهواني، أحمد فؤاد.</subfield>
	</datafield>
	<datafield ind1=" " ind2=" " tag="959">
		<subfield code="a">NNU</subfield>
		<subfield code="b">WEB</subfield>
		<subfield code="c">GENI</subfield>
		<subfield code="t">0</subfield>
		<subfield code="m">Electronic access</subfield>
		<subfield code="s">01</subfield>
	</datafield>
	<datafield ind1=" " ind2=" " tag="999">
		<subfield code="i">NjP_379541</subfield>
		<subfield code="o">(OCoLC)ocm15133425 </subfield>
		<subfield code="s">princeton_aco000638:1 Pt. 4</subfield>
		<subfield code="s">princeton_aco000639:2 Pt .2-4</subfield>
		<subfield code="s">princeton_aco000640:3 Pt . 4</subfield>
		<subfield code="s">princeton_aco000641:juz 1 qism 1</subfield>
		<subfield code="s">princeton_aco000642:juz 2 qism 1</subfield>
		<subfield code="s">princeton_aco000643:juz 3 qism 1</subfield>
		<subfield code="s">princeton_aco000644:juz 4</subfield>
		<subfield code="s">princeton_aco000779:juz 2 : qism 8</subfield>
		<subfield code="s">princeton_aco000645:juz 1 qism 5</subfield>
		<subfield code="s">princeton_aco000646:juz 1 qism 7</subfield>
		<subfield code="e">(ERROR-880)</subfield>
	</datafield>
</record>
